
@misc{react,
    title        = {The best guide to know what is react},
    author       = {Chinmayee Deshpande},
    year         = 2023,
    note         = {\url{https://www.simplilearn.com/tutorials/reactjs-tutorial/what-is-reactjs} [Accessed: 7-September-2023]}
}
@misc{javascript,
    title        = {Javascript คืออะไร},
    author       = {Amazon Web Services},
    year         = 2021,
    note         = {\url{https://aws.amazon.com/th/what-is/javascript/} [Accessed: 8-September-2023]}
}

@misc{typescript,
    title        = {แนะนำภาษา TypeScript},
    author       = {MarcusCode},
    year         = 2021,
    note         = {\url{http://marcuscode.com/lang/typescript/introduction} [Accessed: 8-September-2023]}
}
@misc{nosql,
    title        = {what is NoSQL},
    author       = {MongoDB},
    year         = 2022,
    note         = {\url{https://www.mongodb.com/nosql-explained} [Accessed: 9-September-2023]}
}

@misc{firebase,
    title        = {ทำ React + Firebase Realtime Database กัน},
    author       = {Chalach Monkhontirapat},
    year         = 2018,
    note         = {\url{https://medium.com/equinox-blog/ลองใช้-react-firebase-realtime-database-กันเถอะ-30b134b905a8} [Accessed: 9-September-2023]}
}

@misc{oauth,
    title        = {CMU OAuth ระบบการยืนยันตัวตนด้วย CMU Account},
    author       = {ITSC CMU},
    year         = 2021,
    note         = {\url{https://itsc.cmu.ac.th/th/serviceview/8e68cb67-74b8-44cd-803c-9b077e8aa1d5} [Accessed: 10-September-2023]}
}

@misc{python,
    title        = {Python คืออะไร? เป็นภาษาที่ง่ายที่สุดจริงหรือ?},
    author       = {Pacharee Toorakidsana},
    year         = 2021,
    note         = {\url{https://blog.skooldio.com/what-is-python/} [Accessed: 8-September-2023]}
}
@misc{prepros,
    title        = {ขั้นตอนการเตรียมข้อมูลประเภท Text ภาษาไทย แบบง่ายๆ โดยใช้ Python},
    author       = {Witchapong Daroontham},
    year         = 2018,
    note         = {\url{https://medium.com/@witchapongdaroontham/ขั้นตอนการเตรียมข้อมูลประเภท-text-ภาษาไทย-แบบง่ายๆ-โดยใช้-python-simple-thai-text-preprocessing-c8c46ca3ce46 } [Accessed: 11-September-2023]}
}
@misc{recom,
    title        = {Recommendation System (แบบสรุปไม่ค่อยสั้น)},
    author       = {Sirinart Tangruamsub},
    year         = 2019,
    note         = {\url{https://medium.com/@sinart.t/recommendation-system-แบบสรุปเอาเอง-ce6246f49754 } [Accessed: 6-September-2023]}
}

@misc{state,
    title        = {React state},
    author       = {Sutthinai Boonyingyongchai},
    year         = 2020,
    note         = {\url{https://www.borntodev.com/2020/07/31/react-state/ } [Accessed: 5-September-2023]}
}

@misc{content_based,
    title        = {Step-by-Step Guide to Building Content-Based Filtering},
    author       = {Nathan Rosidi},
    year         = 2023,
    note         = {\url{https://www.stratascratch.com/blog/step-by-step-guide-to-building-content-based-filtering/ } [Accessed: 10-September-2023]}
}

@misc{collaborative,
    title        = {How to build a content-based movie recommender system with Natural Language Processing},
    author       = {Emma Grimaldi},
    year         = 2018,
    note         = {\url{https://towardsdatascience.com/how-to-build-from-scratch-a-content-based-movie-recommender-with-natural-language-processing-25ad400eb243 } [Accessed: 10-September-2023]}
}


